<?xml version="1.0" encoding="UTF-8"?><record xmlns="http://www.loc.gov/MARC21/slim" xmlns:cinclude="http://apache.org/cocoon/include/1.0" xmlns:zs="http://www.loc.gov/zing/srw/">
  <leader>00374nz  a2200121n  4500</leader>
  <controlfield tag="001">n  92067349 </controlfield>
  <controlfield tag="003">DLC</controlfield>
  <controlfield tag="005">19920630130807.4</controlfield>
  <controlfield tag="008">920630n| acannaab|          |n aad |||  </controlfield>
  <datafield tag="010" ind1=" " ind2=" ">
    <subfield code="a">n  92067349 </subfield>
  </datafield>
  <datafield tag="040" ind1=" " ind2=" ">
    <subfield code="a">DLC</subfield>
    <subfield code="c">DLC</subfield>
  </datafield>
  <datafield tag="100" ind1="1" ind2="0">
    <subfield code="a">Kennedy, Charles W.</subfield>
  </datafield>
  <datafield tag="670" ind1=" " ind2=" ">
    <subfield code="a">nuc92-3214: His Of the making of many books, 1976</subfield>
    <subfield code="b">(hdg. on NN rept.: Kennedy, Charles W. ; usage: Charles W. Kennedy)</subfield>
  </datafield>
</record>